<?xml version="1.0" encoding="UTF-8"?>
<collection xmlns="http://www.loc.gov/MARC21/slim">
   <record>
      <leader>00000nz  a2200000nc 4500</leader>
      <controlfield tag="001">institutions/51002920</controlfield>
      <controlfield tag="003">DE-633</controlfield>
      <controlfield tag="005">20250620052247.0</controlfield>
      <controlfield tag="008">190412||||z|||a|||||||||||||||||n||||||d</controlfield>
      <datafield tag="024" ind1="7" ind2=" ">
         <subfield code="a">RA-AGmmf</subfield>
         <subfield code="q">siglum</subfield>
         <subfield code="2">rism</subfield>
      </datafield>
      <datafield tag="034" ind1="1" ind2=" ">
         <subfield code="d">-64.445947</subfield>
         <subfield code="f">-31.651249</subfield>
      </datafield>
      <datafield tag="040" ind1=" " ind2=" ">
         <subfield code="a">DE-633</subfield>
         <subfield code="c">DE-633</subfield>
         <subfield code="e">rismg</subfield>
      </datafield>
      <datafield tag="043" ind1=" " ind2=" ">
         <subfield code="c">XD-AR</subfield>
      </datafield>
      <datafield tag="110" ind1="1" ind2=" ">
         <subfield code="a">Museo Manuel de Falla</subfield>
         <subfield code="c">Alta Gracia</subfield>
         <subfield code="g">RA-AGmmf</subfield>
      </datafield>
      <datafield tag="368" ind1=" " ind2=" ">
         <subfield code="a">Institution</subfield>
         <subfield code="a">Library</subfield>
         <subfield code="a">Other</subfield>
      </datafield>
      <datafield tag="371" ind1=" " ind2=" ">
         <subfield code="a">Pellegrini 1011</subfield>
         <subfield code="b">Alta Gracia</subfield>
         <subfield code="c">Córdoba</subfield>
         <subfield code="d">Argentina</subfield>
         <subfield code="m">museomanueldefalla@altagracia.gov.ar</subfield>
         <subfield code="u">http://culturaviva.gob.ar/</subfield>
         <subfield code="z">tel: +54 / 3547 / 429292</subfield>
      </datafield>
      <datafield tag="410" ind1=" " ind2=" ">
         <subfield code="a">Manuel de Falla Museum</subfield>
      </datafield>
      <datafield tag="551" ind1="1" ind2=" ">
         <subfield code="a">Alta Gracia</subfield>
         <subfield code="0">places/4000134</subfield>
      </datafield>
   </record>