
   <record>
      <leader>00000nz  a2200000nc 4500</leader>
      <controlfield tag="001">institutions/51009028</controlfield>
      <controlfield tag="003">DE-633</controlfield>
      <controlfield tag="005">20250908120229.0</controlfield>
      <controlfield tag="008">250908||||z|||a|||||||||||||||||n||||||d</controlfield>
      <datafield tag="024" ind1="7" ind2=" ">
         <subfield code="a">Q21114973</subfield>
         <subfield code="2">WKP</subfield>
      </datafield>
      <datafield tag="024" ind1="7" ind2=" ">
         <subfield code="a">RA-BAmcrr</subfield>
         <subfield code="q">siglum</subfield>
         <subfield code="2">rism</subfield>
      </datafield>
      <datafield tag="034" ind1="1" ind2=" ">
         <subfield code="d">-58.40643710892828</subfield>
         <subfield code="f">-34.59390933832447</subfield>
      </datafield>
      <datafield tag="040" ind1=" " ind2=" ">
         <subfield code="a">DE-633</subfield>
         <subfield code="c">DE-633</subfield>
         <subfield code="e">rismg</subfield>
      </datafield>
      <datafield tag="110" ind1="1" ind2=" ">
         <subfield code="a">Museo Casa Ricardo Rojas</subfield>
         <subfield code="c">Buenos Aires</subfield>
         <subfield code="g">RA-BAmcrr</subfield>
      </datafield>
      <datafield tag="368" ind1=" " ind2=" ">
         <subfield code="a">Institution</subfield>
         <subfield code="a">Library</subfield>
         <subfield code="a">Museum</subfield>
      </datafield>
      <datafield tag="371" ind1=" " ind2=" ">
         <subfield code="a">Charcas 2837</subfield>
         <subfield code="b">Cdad. Autónoma de Buenos Aires</subfield>
         <subfield code="d">Argentina</subfield>
         <subfield code="e">C1425BMG</subfield>
         <subfield code="m">informacion@casadericardorojas.gob.ar</subfield>
         <subfield code="u">https://museorojas.cultura.gob.ar/</subfield>
         <subfield code="z">tel: +54 / 1148244039</subfield>
      </datafield>
      <datafield tag="551" ind1="1" ind2=" ">
         <subfield code="a">Buenos Aires</subfield>
         <subfield code="0">places/3900372</subfield>
      </datafield>
   </record>