
   <record>
      <leader>00000nz  a2200000nc 4500</leader>
      <controlfield tag="001">institutions/30076513</controlfield>
      <controlfield tag="003">DE-633</controlfield>
      <controlfield tag="005">20250620052110.0</controlfield>
      <controlfield tag="008">161109||||z|||a|||||||||||||||||n||||||d</controlfield>
      <datafield tag="024" ind1="7" ind2=" ">
         <subfield code="a">RA-Ccsc</subfield>
         <subfield code="q">siglum</subfield>
         <subfield code="2">rism</subfield>
      </datafield>
      <datafield tag="034" ind1="1" ind2=" ">
         <subfield code="d">-31.416203</subfield>
         <subfield code="f">-64.185807</subfield>
      </datafield>
      <datafield tag="040" ind1=" " ind2=" ">
         <subfield code="a">DE-633</subfield>
         <subfield code="c">DE-633</subfield>
         <subfield code="e">rismg</subfield>
      </datafield>
      <datafield tag="043" ind1=" " ind2=" ">
         <subfield code="c">XD-AR</subfield>
      </datafield>
      <datafield tag="110" ind1="1" ind2=" ">
         <subfield code="a">Convento de Santa Catalina, Archivo</subfield>
         <subfield code="c">Córdoba</subfield>
         <subfield code="g">RA-Ccsc</subfield>
      </datafield>
      <datafield tag="368" ind1=" " ind2=" ">
         <subfield code="a">Institution</subfield>
         <subfield code="a">Library</subfield>
      </datafield>
      <datafield tag="371" ind1=" " ind2=" ">
         <subfield code="a">Obispo Trejo 44, Centro</subfield>
         <subfield code="b">Córdoba</subfield>
         <subfield code="c">Provincia de Córdoba</subfield>
         <subfield code="d">Argentina</subfield>
         <subfield code="e">X5000 IYB</subfield>
         <subfield code="m">misericordia61@uolsinectis.com.ar</subfield>
         <subfield code="u">http://www.op.org.ar/?page_id=202</subfield>
         <subfield code="z">tel no: +54 / (0351) / 421 6503</subfield>
         <subfield code="z">fax: +54 / (0351) / 422 6758</subfield>
      </datafield>
      <datafield tag="551" ind1="1" ind2=" ">
         <subfield code="a">Córdoba (Argentina)</subfield>
         <subfield code="0">places/4000144</subfield>
      </datafield>
   </record>