
   <record>
      <leader>00000nz  a2200000nc 4500</leader>
      <controlfield tag="001">institutions/51001614</controlfield>
      <controlfield tag="003">DE-633</controlfield>
      <controlfield tag="005">20250620052240.0</controlfield>
      <controlfield tag="008">180517||||z|||a|||||||||||||||||n||||||d</controlfield>
      <datafield tag="024" ind1="7" ind2=" ">
         <subfield code="a">RA-Ccsj</subfield>
         <subfield code="q">siglum</subfield>
         <subfield code="2">rism</subfield>
      </datafield>
      <datafield tag="040" ind1=" " ind2=" ">
         <subfield code="a">DE-633</subfield>
         <subfield code="c">DE-633</subfield>
         <subfield code="e">rismg</subfield>
      </datafield>
      <datafield tag="043" ind1=" " ind2=" ">
         <subfield code="c">XD-AR</subfield>
      </datafield>
      <datafield tag="110" ind1="1" ind2=" ">
         <subfield code="a">Archivo Histórico Convento San Jorge (AHCSJ)</subfield>
         <subfield code="c">Córdoba</subfield>
         <subfield code="g">RA-Ccsj</subfield>
      </datafield>
      <datafield tag="368" ind1=" " ind2=" ">
         <subfield code="a">Institution</subfield>
         <subfield code="a">Library</subfield>
         <subfield code="a">Archive</subfield>
      </datafield>
      <datafield tag="371" ind1=" " ind2=" ">
         <subfield code="a">Entre Ríos 130</subfield>
         <subfield code="b">Córdoba</subfield>
         <subfield code="d">Argentina</subfield>
         <subfield code="m">historiasuncion@gmail.com</subfield>
         <subfield code="u">http://ofm.org.ar/acceso-banco-de-datos-biblioteca-provincial-fray-mamerto-esquiu/</subfield>
         <subfield code="z">+54 / 011 15 55897596</subfield>
      </datafield>
      <datafield tag="551" ind1="1" ind2=" ">
         <subfield code="a">Córdoba (Argentina)</subfield>
         <subfield code="0">places/4000144</subfield>
      </datafield>
      <datafield tag="667" ind1=" " ind2=" ">
         <subfield code="a">Published sources: 1122</subfield>
      </datafield>
   </record>