
   <record>
      <leader>00000nz  a2200000nc 4500</leader>
      <controlfield tag="001">institutions/51000008</controlfield>
      <controlfield tag="003">DE-633</controlfield>
      <controlfield tag="005">20250620052234.0</controlfield>
      <controlfield tag="008">161117||||z|||a|||||||||||||||||n||||||d</controlfield>
      <datafield tag="024" ind1="7" ind2=" ">
         <subfield code="a">RA-Cff</subfield>
         <subfield code="q">siglum</subfield>
         <subfield code="2">rism</subfield>
      </datafield>
      <datafield tag="034" ind1="1" ind2=" ">
         <subfield code="d">-64.19019242111682</subfield>
         <subfield code="f">-31.43684241375329</subfield>
      </datafield>
      <datafield tag="040" ind1=" " ind2=" ">
         <subfield code="a">DE-633</subfield>
         <subfield code="c">DE-633</subfield>
         <subfield code="e">rismg</subfield>
      </datafield>
      <datafield tag="043" ind1=" " ind2=" ">
         <subfield code="c">XD-AR</subfield>
      </datafield>
      <datafield tag="110" ind1="1" ind2=" ">
         <subfield code="a">Universidad Nacional de Córdoba, Facultad de Filosofía y Humanidades, Biblioteca "Elma Kohlmeyer de Estrabou"</subfield>
         <subfield code="c">Córdoba</subfield>
         <subfield code="g">RA-Cff</subfield>
      </datafield>
      <datafield tag="371" ind1=" " ind2=" ">
         <subfield code="a">Pabellón Agustín Tosco – Módulo “C”, Ciudad Universitaria</subfield>
         <subfield code="b">Córdoba</subfield>
         <subfield code="c">Provincia de Córdoba</subfield>
         <subfield code="d">Argentina</subfield>
         <subfield code="e">X5000 HUA</subfield>
         <subfield code="m">biblio@ffyh.unc.edu.ar</subfield>
         <subfield code="u">http://www.ffyh.unc.edu.ar/biblioteca/</subfield>
         <subfield code="z">tel no: +54 / (0351) / 4334196</subfield>
      </datafield>
      <datafield tag="667" ind1=" " ind2=" ">
         <subfield code="a">Published sources: 91</subfield>
      </datafield>
   </record>